@ARTICLE{<Chin2005>,
    author = {Xin Chen and Patrick J. Flynn and Kevin W. Bowyer},
    title = {IR and visible light face recognition},
    journal = {Computer Vision and Understanding},
    year = {2005},
    volume = {99},
    number = {3},
    pages = {332--358},
    month = {September},
    note = {},
    otherinfo = {http://www.cse.nd.edu/~flynn/papers/ChenFlynnBowyer_CVIUv99n3.pdf}
}

@ARTICLE{<Socolinsky2001>,
    author = {Socolinsky, Diego A. Socolinsky and Wolff, Lawrence B. and
	Neuheisel, Joshua D. and Eveland, Christopher K.},
    title = {Illumination Invariant Face Recognition Using Thermal
	Infrared Imagery},
    journal = {2001 IEEE Computer Society Conference on Computer Vision and
	Pattern Recognition},
    year = {2001},
    volume = {1},
    number = {},
    pages = {527},
    month = {},
    note = {},
    otherinfo = {http://doi.ieeecomputersociety.org/10.1109/CVPR.2001.990519}
}

@ARTICLE{BussoXXXX,
    author = {Busso, Carlos and Deng, Zhigang and Yildirim, Serdar and
	Bulut, Murtaza and Lee, Chul Min and Kazemzadeh, Abe and Lee,
	Sungbok and Neumann, Ulrich and Narayanan, Shrikanth},
    title = {Analysis of Emotion Recognition using Facial
    	Expressions, Speech and Multimodal Information},
    journal = {},
    year = {},
    volume = {},
    number = {},
    pages = {},
    month = {},
    note = {},
    otherinfo = {}
}

@ARTICLE{Bobick1999,
    author = {Bobick, A. and Intille, S. and Davis, J. and Baird, F. and
	Pinhanez, C. and Campbell, L. and Ivanov, Y. and Schutte, A. and
        Wilson, A.},
    title = {The Kidsroom: A Perceptually-Based Interactive and Immersive
        Story Environment},
    journal = {Presence: Teleoperators and Virtual Environments},
    year = {1999},
    volume = {8},
    number = {4},
    pages = {367--391},
    month = {},
    note = {},
    otherinfo = {},
    url = {http://www.cse.ohio-state.edu/~jwdavis/Publications/kidsroom.pdf}
}

@ARTICLE{Davis1997,
    author = {Davis, J. and Bobick, A.},
    title = {The Representation and Recognition of Action Using Temporal
        Templates},
}

@INPROCEEDINGS{Davis1997,
    author = {Davis, J. and Bobick, A.},
    title = {The Representation and Recognition of Action Using Temporal
	Templates},
    booktitle = {},
    year = {1997},
    editor = {},
    pages = {928--934},
    address = {},
    organization = {IEEE Conference on Computer Vision and Pattern
	Recognition},
    publisher = {},
    volume = {},
    number = {},
    series = {},
    month = {June},
    note = {},
    otherinfo = {}
}



